1923 3149
565 174 731 201 Enumeratio
749 173 890 208 plantarum}
910 173 1021 200 nannius
1041 172 1226 201 Teincsicusis.
1664 152 1738 194 171

577 258 671 293 Soet.
699 259 732 292 3.
770 256 1058 292 1‘232·0w.2'casz⁴1·=20m
1083 257 1151 291 Ko
1166 257 1230 292 ch.

220 344 319 376 1289.
358 341 396 376 1⁷.
423 342 640 375 bellidioides
665 339 788 376 Linn.
816 361 859 365 —
887 340 925 375 In
948 339 1090 386 pascuis
1118 339 1269 386 alpinis3
1297 338 1456 385 inprimis
1475 338 1511 374 in
1530 339 1646 374 lat-ore
1663 350 1741 374 me-

77 401 243 436 ridionali
270 401 360 447 alpis
388 401 546 436 Muraru.
575 401 647 437 Jul.
675 404 774 447 Aug.

217 461 320 495 1290.
357 459 397 495 V.
424 461 559 505 alpina
587 460 726 495 Linn.
745 461 845 494 —In
871 458 1085 506 graminosis
1114 459 1313 504 subalpinis
1340 463 1376 494 et
1390 459 1530 506 alpinis.
1552 460 1624 494 Jul.
1644 461 1742 504 Aug.

218 522 319 555 1291.
358 520 398 556 V.
425 521 666 568 serpyllejfolia
695 521 830 555 Linn.
852 540 895 545 ——
936 521 975 554 In
1002 519 1087 555 locis
1111 520 1284 565 humidis,
1326 521 1370 554 ad
1407 519 1543 554 rivulos
1580 518 1613 552 in
1646 520 1745 564 alpes

78 592 203 627 usque.
231 583 320 626 Apr.
349 601 389 605 ——
418 583 505 616 Aut.

218 642 320 675 1292.
357 640 397 675 V.
423 641 613 688 acimjfolia
642 641 777 676 Linn.
806 660 848 664 —
887 640 925 674 In
952 638 1050 686 agris
1072 642 1107 674 et
1127 638 1222 675 arvis
1245 638 1346 684 plani
1368 642 1403 673 et
1427 637 1545 673 collini
1573 639 1743 673 Banatus.

78 702 165 744 Apr.
188 699 273 735 Mai.

217 761 318 795 1293.
357 759 397 795 V.
431 763 593 796 cti-vensis
620 761 757 797 Linn.
787 781 830 786 -
869 762 910 796 In
931 759 1035 796 cultis
1067 763 1102 795 et
1125 759 1238 806 pratis
1265 758 1363 794 tenui
1395 759 1562 805 gramine
1585 758 1742 795 consitis.

80 818 187 854 Mart.
216 840 260 844 —
282 822 369 865 Apr.

220 881 321 915 1294.
358 879 397 916 V.
430 893 543 916 verna
569 882 701 917 Linn.
748 902 792 906 —
836 882 875 915 In
910 881 1063 917 dumetis
1097 884 1133 916 et
1166 879 1277 926 sylvis
1309 878 1516 924 montanis,
1548 878 1638 926 inpr.
1663 879 1749 914 locis

81 939 263 975 calcareis.
291 944 379 988 Apr.
412 941 497 977 Mai.

221 1003 322 1036 1295.
360 1001 399 1037 V.
425 1002 611 1049 trQalzyllos
638 1004 765 1038 Linn.
794 1003 832 1037 In
855 1001 954 1049 agris
978 1005 1015 1037 et
1036 1001 1131 1036 arvis
1154 999 1331 1046 planitiei.
1360 1000 1468 1035 Mart.
1499 1019 1538 1024 —-
1557 1000 1644 1036 Mai.

221 1063 322 1096 1296.
361 1062 399 1096 V.
423 1075 583 1107 praecox
608 1063 750 1098 Linn.
782 1084 823 1087 —
852 1064 892 1098 In
922 1061 1021 1109 agris
1053 1061 1238 1108 legionum
1263 1061 1429 1108 Illyrico-
1466 1066 1502 1098 et
1531 1060 1750 1098 Teutonico-

81 1119 347 1157 banatiearum.
375 1122 484 1158 Mart.
512 1144 557 1148 --
583 1123 669 1160 Mai.

221 1182 325 1216 1297.
363 1181 402 1216 V.
428 1186 580 1229 agrestis
606 1183 741 1218 Linn.
776 1204 806 1209 —
840 1184 880 1218 In
907 1183 1022 1218 cultis.
1051 1181 1158 1218 Marb.
1188 1201 1229 1206 ——
1250 1184 1337 1217 Aut.

222 1242 326 1277 1298.
365 1242 403 1276 V.
426 1244 545 1288 polita
569 1243 648 1279 Fri
665 1256 723 1279 es.
757 1263 794 1268 —
822 1244 862 1278 In
887 1243 1001 1280 cultis.
1028 1242 1135 1278 Mart.
1164 1262 1204 1265 —
1231 1244 1318 1276 Aut.

221 1303 323 1337 1299.
362 1302 400 1337 V.
430 1304 662 1339 Buxbamm'i
700 1304 870 1340 Tenor.
911 1323 957 1328 -—
994 1303 1034 1338 In
1073 1300 1192 1346 cultis,
1227 1312 1320 1338 anno
1352 1305 1426 1338 toto
1458 1303 1591 1349 hyeme
1621 1302 1753 1349 quippe

85 1359 199 1396 minus
224 1361 358 1408 rigida.

222 1423 322 1457 1300.
360 1421 400 1459 V.
421 1422 666 1471 hederaefole'a
691 1424 822 1459 Linn.
852 1445 893 1448 —
920 1425 961 1459 In
986 1422 1117 1466 cultis.
1150 1421 1304 1458 dumetis
1343 1426 1379 1458 et
1412 1422 1546 1469 campis
1585 1422 1755 1469 lapidosis

82 1480 273 1518 sterilibus.
300 1481 408 1520 Mart.
440 1504 478 1509 —-
510 1484 597 1520 Mai.

612 1558 704 1595 381.
731 1555 1063 1594 Lintlernia
1089 1555 1212 1590 Linn.

221 1635 322 1670 1301.
349 1633 395 1670 L.
423 1634 634 1682 Ρμωίᾱανία
659 1635 749 1670 All.
781 1654 820 1659 —
848 1635 888 1668 In
909 1634 997 1669 locis
1024 1634 1156 1681 hyeme
1179 1632 1361 1668 inundatis·
1384 1636 1421 1668 et
1441 1632 1552 1679 rippis
1578 1631 1745 1667 coenosis

84 1691 283 1731 fluviorum.
310 1695 393 1730 Jun.
422 1715 463 1719 —
492 1697 578 1731 Aue.

570 1782 574 1784 ’
621 1767 713 1804 382.
739 1766 1064 1804 laima-sella
1092 1765 1216 1801 Linn.

226 1840 329 1875 1302.
356 1838 402 1874 L.
429 1840 603 1884 aquatica
628 1838 767 1874 Linn.
798 1859 837 1863 ——
871 1839 931 1874 Ad
954 1837 1138 1885 margines
1167 1847 1343 1883 aquarum
1369 1841 1406 1873 ee
1440 1835 1476 1871 in
1507 1834 1594 1872 locis
1619 1835 1754 1881 hyeme

89 1897 282 1936 inundatis.
309 1900 382 1936 Jul.
411 1903 509 1947 Aug.

449 2011 558 2053 Ordo
588 2014 653 2054 74.
683 2012 1200 2054 orobanehaceae
1232 2008 1411 2050 Lindl.

615 2097 707 2135 383.
736 2095 1088 2134 orobanche
1114 2095 1237 2130 Linn.

634 2169 727 2205 Sect.
757 2171 788 2204 1.
823 2169 1017 2214 Osproleon
1043 2169 1206 2203 Wallr.

230 2243 332 2276 1303.
378 2241 417 2275 Ο.
442 2248 592 2276 cruenta
617 2243 798 2277 Bertol.
839 2233 882 2284 β)
917 2239 1144 2276 Wierzbiclcia·
1182 2239 1401 2275 Schulfiz
1441 2237 1476 2271 in
1514 2237 1580 2271 litt.
1610 2236 1755 2271 Corolla

90 2301 324 2336 luteo—fusca.
353 2320 394 2325 —
423 2300 463 2336 In
484 2301 633 2337 collibus
655 2301 753 2337 siccis
768 2327 779 2344 7
805 2302 841 2336 in
872 2302 1044 2336 Genistae
1067 2300 1250 2347 Cybisique
1273 2298 1470 2345 speciebus.
1497 2298 1519 2331 J
1523 2309 1581 2331 un.
1604 2297 1627 2331 J
1631 2297 1677 2329 ul.

228 2362 330 2397 1304.
366 2361 658 2407 Opallz'dzflora
684 2361 801 2398 Wim
814 2374 858 2397 m.
900 2364 937 2396 eb
974 2361 1116 2397 Grab.
1146 2380 1188 2385 -
1228 2361 1267 2395 In
1301 2359 1402 2396 Cirsii
1435 2357 1594 2393 arvensis
1628 2355 1761 2391 radice.

90 2422 173 2456 Jun.
197 2422 269 2457 Jul.

232 2484 334 2517 1305.
369 2483 408 2517 Ο.
440 2482 631 2518 leucantlza
658 2482 721 2517 Gr
739 2482 861 2517 iseb.
903 2481 1131 2524 Pallescens7
1169 2479 1356 2527 palmaris7
1401 2477 1479 2513 basi
1509 2475 1764 2522 subaequalisg

92 2541 246 2577 bracteis
269 2544 423 2577 corollae
445 2543 575 2578 tubum
593 2542 920 2589 subaequantibus‚
936 2541 1068 2588 sepalis
1088 2541 1344 2582 l-—-'2-ne1·viis.,
1367 2538 1544 2573 subulatis
1563 2536 1763 2581 bifidisque.

92 2604 248 2638 corollae
270 2604 357 2637 tubo
389 2606 540 2649 patente
568 2602 806 2645 rectiusculo„
841 2602 949 2636 limbo
978 2605 1152 2647 patente3
1191 2599 1402 2634 staminibus
1436 2596 1764 2644 suprabasilaribus

93 2664 259 2708 glabris3
295 2662 466 2709 stigmate
501 2662 674 2698 violaceo.
716 2664 802 2708 Syn.
847 2663 887 2695 Ο.
915 2663 1002 2695 alba
1038 2661 1189 2696 Reich
1205 2672 1255 2693 en
1270 2662 1305 2695 b.
1341 2664 1376 2693 et
1412 2658 1617 2693 Wierzb.
1645 2676 1686 2679 —
1726 2655 1764 2688 ln

93 2723 189 2758 Galii
207 2722 418 2770 Molluginis
447 2723 570 2758 radice
594 2724 638 2757 ad
663 2722 902 2757 Csudanovitz
929 2722 1052 2756 Cottius
1078 2719 1227 2755 Krassd.
1255 2721 1339 2753 Jun.
1366 2739 1406 2743 —
1448 2715 1662 2753 Wierzbi
1678 2715 1764 2749 cki.

232 2786 334 2819 1306.
369 2785 411 2819 Ο.
441 2784 681 2830 Epithymum
707 2783 800 2818 Can
817 2784 850 2816 d.
880 2802 919 2806 —-
947 2783 988 2816 In
1013 2780 1143 2826 Thymi
1172 2779 1330 2825 Serpylli
1362 2779 1491 2814 radice.
1518 2778 1599 2812 Jun.
1634 2777 1706 2809 Jul.

1396 2841 1446 2865 0¹)
1471 2840 1496 2862 -::-
