1923 3149
550 203 718 232 Enumeratio
734 203 876 239 plantarum
895 202 1008 231 Banatus
1025 203 1211 230 'romesiensis
1667 185 1719 224 87

575 313 668 348 Seet.
696 313 729 347 3.
755 310 1014 357 Asterocytisus
1038 310 1074 344 K
1086 322 1105 344 o
1119 322 1137 344 e
1153 310 1189 345 h.

189 396 267 431 407.
299 395 334 430 O.
358 394 529 430 radiatus
557 395 607 430 M.
632 395 782 431 Koch.
809 414 849 419 —
877 394 917 429 In
942 393 1090 440 rupibus
1114 393 1210 429 alvei
1224 391 1354 429 Prolz'iz
1381 397 1418 429 et
1441 393 1570 429 montis
1590 391 1722 429 Suski-

51 455 257 502 Domugled
280 456 327 490 ad
351 455 523 491 Thermas
551 454 730 490 Herculis.
756 453 843 490 Mai.
868 454 951 489 Jun.

596 550 688 585 Seet.
715 551 745 587 4.
775 548 1013 584 Salzwedelia
1038 549 1075 583 K
1088 561 1108 584 o
1122 562 1139 584 c
1153 550 1187 586 h.

188 635 268 670 408.
300 634 336 670 C‘.
362 635 543 682 sayittaZis
563 634 613 670 M.
635 635 706 669 Ko
721 634 784 671 ch.
814 654 856 659 —
880 634 917 667 In
944 633 1060 680 pratis
1082 637 1118 668 e‘n
1146 635 1289 681 pascuis
1316 633 1457 669 collium
1478 633 1722 679 montiumque

52 692 89 727 in
118 694 310 740 subalpina
330 707 456 742 usque.
482 693 569 729 Mai.
597 695 679 729 Jun.

527 826 706 868 Subtrib.
726 830 779 869 ’2.
812 825 1071 880 Anthyllideae
1103 827 1175 867 Ro
1191 828 1263 868 ch.

643 931 731 968 117.
763 930 983 971 ononis
1008 931 1040 966 L
1052 930 1063 965 i
1077 943 1100 966 n
1112 944 1146 967 n.

191 1015 270 1050 409.
305 1014 345 1048 Ο.
375 1016 527 1060 spinosa
553 1014 694 1050 Linn.
724 1035 765 1039 —
795 1015 834 1049 In
856 1015 969 1061 prahis
998 1019 1035 1050 eb
1056 1015 1199 1062 pascuis
1229 1015 1423 1051 sterilibus.
1451 1015 1533 1049 Jun.
1563 1014 1634 1048 Jul.

187 1074 268 1111 410.
303 1074 344 1108 O.
366 1074 513 1109 hircina
540 1074 564 1108 J
575 1085 671 1121 acq.
702 1094 743 1100 —
772 1075 810 1110 ln
838 1075 950 1121 pratis
976 1079 1012 1110 et
1030 1075 1172 1120 pascuis
1202 1075 1437 1111 fertilioribus
1461 1072 1722 1120 vulgatissimo.

50 1133 134 1168 Jun.
162 1133 235 1168 Jul.

189 1193 269 1227 411.
303 1193 343 1227 O.
372 1194 568 1228 Columnae
589 1195 674 1229 All.
703 1214 745 1218 —
772 1195 811 1229 In
841 1195 971 1241 apricis
999 1196 1171 1231 montium
1200 1197 1246 1230 ad
1268 1194 1489 1231 Danubium.
1518 1193 1605 1228 Mai.
1639 1193 1722 1226 Jun.

605 1301 691 1340 118.
721 1303 1020 1348 Anthylla}
1046 1303 1075 1337 L
1087 1302 1097 1336 i
1110 1315 1175 1338 nn.

187 1383 266 1418 412.
294 1381 340 1417 A.
369 1383 584 1417 valum-aria
606 1383 738 1418 Linn.
771 1404 811 1408 —
841 1385 880 1420 In
911 1386 1053 1432 pascuis
1080 1386 1252 1432 lapidosis
1282 1385 1411 1421 montis
1443 1383 1647 1428 Domugled
1677 1382 1722 1415 ad

51 1442 226 1477 Thermas
251 1441 429 1478 Herculis.
456 1442 543 1477 Mai.
564 1443 647 1478 Jun.

543 1575 720 1617 Subtrib.
758 1580 795 1618 3.
828 1577 1022 1619 Trifolieae
1052 1578 1090 1619 K
1109 1591 1130 1616 o
1150 1578 1225 1616 ch.

596 1680 686 1717 119.
711 1680 1027 1725 Medicam»
1044 1681 1174 1717 Linn.

579 1763 672 1799 Seot.
702 1767 733 1799 1.
761 1765 922 1811 Falcagyo
946 1764 1191 1800 Reichenb.

185 1846 265 1881 413.
292 1844 345 1878 M.
372 1847 491 1881 sativa
516 1845 655 1884 Linn.
687 1867 733 1873 —
763 1849 803 1882 In
823 1848 952 1897 pratis,
978 1848 1074 1885 arvis
1097 1853 1133 1884 et
1156 1849 1204 1883 ad
1231 1847 1319 1883 vias.
1346 1847 1431 1882 Jun.
1459 1866 1501 1871 —
1530 1849 1616 1880 Aut.

186 1905 264 1940 414.
290 1905 342 1939 M.
360 1906 510 1951 falcata
535 1906 656 1941 Linn.
683 1902 724 1952 β)
748 1908 935 1942 versicolor
971 1908 1117 1943 Koch.
1152 1927 1195 1932 —-
1226 1909 1265 1952 γ)
1292 1909 1411 1953 major
1442 1906 1588 1941 Koch.
1618 1923 1658 1929 —
1683 1905 1724 1938 In

46 1963 161 2011 pratis
186 1967 222 1999 et
244 1965 288 1999 ad
318 1963 405 2000 vias.
429 1962 585 1999 Jun.'-·—
614 1969 701 2002 Aut.

188 2025 267 2059 415.
294 2023 347 2058 M
370 2031 559 2068 prostrata
573 2026 596 2059 J
604 2037 626 2059 a
639 2039 699 2072 cq.
721 2027 817 2060 -In
845 2027 1071 2072 rupestribus
1094 2027 1225 2072 apricis
1244 2026 1417 2061 montium
1439 2027 1485 2061 ad
1502 2024 1722 2060 Danubium.

47 2084 131 2118 Jun.
154 2083 226 2117 Jul.

589 2170 680 2204 Sect.
713 2172 741 2204 2.
772 2172 1016 2215 Spirocarpos
1042 2170 1139 2205 Can
1154 2171 1188 2206 d.

185 2263 265 2297 416.
292 2263 344 2297 ΑΙ.
369 2264 543 2308 lupulina
571 2264 694 2299 Linn.
747 2285 757 2287 -
779 2261 822 2308 β)
857 2265 1148 2301 ΠἯΖάοηουὶαηα
1168 2266 1305 2301 Koch.
1333 2286 1374 2291 —
1402 2267 1442 2300 In
1462 2265 1601 2312 pratis,
1634 2276 1723 2310 pas-

47 2320 135 2365 cuis,
161 2321 257 2357 arvis
280 2326 347 2358 et-c.
373 2323 461 2358 Mai.
483 2343 525 2348 —-
546 2327 632 2361 Aut.

184 2382 264 2417 417.
290 2381 343 2417 M.
366 2383 581 2417 orbicularis
608 2385 693 2422 All.
713 2405 752 2409 ——
768 2386 806 2419 In
831 2386 1004 2422 subsalsis
1025 2386 1122 2432 plani
1142 2388 1303 2421 Banatus
1329 2389 1366 2421 et
1388 2385 1518 2433 apricis
1545 2385 1719 2421 mont-ium

48 2441 93 2477 ad
115 2440 336 2476 Danubium.
363 2441 448 2476 Mai.
473 2461 518 2467 -—
545 2444 619 2478 Jul.

183 2501 264 2541 418.
290 2500 342 2534 M
375 2502 534 2536 Geram-di
558 2503 618 2538 Ki
634 2508 658 2539 t.
688 2525 728 2529 -
753 2506 794 2539 In
818 2506 991 2541 subsalsis
1018 2506 1180 2551 planibiei
1199 2510 1237 2540 eb
1257 2505 1415 2541 herbidis
1438 2506 1613 2541 montium
1637 2519 1667 2540 e.
1690 2519 1719 2540 c.

49 2561 95 2596 ad
119 2560 276 2597 Kudritz
304 2561 429 2597 cottus
460 2562 587 2598 Temes
615 2568 652 2598 et
677 2566 742 2599 sub
770 2576 852 2600 arce
877 2567 922 2601 ad
946 2564 1051 2602 Dova
1078 2567 1202 2601 Cottus
1226 2567 1387 2612 Hunyad
1418 2566 1717 2613 Transylvaniae.

49 2620 134 2658 Mai.
160 2640 201 2644 —
223 2621 296 2657 Jul.

183 2682 261 2717 419.
287 2679 340 2719 M.
359 2682 513 2716 minima
535 2682 658 2718 Lam.
688 2704 729 2708 -
757 2686 800 2728 b)
819 2686 987 2732 elongata
1013 2686 1201 2720 Rochel.
1230 2686 1341 2721 Caulo
1356 2687 1553 2732 elongat03
1579 2685 1719 2730 stipulis

48 2739 277 2778 inferioribus
314 2741 586 2777 sessoso-oilianis
619 2747 684 2778 auh
706 2744 949 2782 denticulatis,
979 2765 1021 2770 —
1049 2747 1089 2782 In
1115 2746 1228 2792 pratis
1258 2746 1357 2783 siccis
1384 2746 1588 2791 montanis3
1615 2745 1655 2791 b)
1684 2747 1718 2781 in

50 2799 200 2834 collibus
227 2801 386 2836 arenosis
416 2802 601 2847 legionum
626 2805 792 2850 Illyrioo-
817 2808 853 2839 et
880 2805 1359 2843 Teutonico-banatioarum.
1386 2806 1473 2842 Mai.
1499 2826 1537 2831 —-
1562 2806 1634 2842 Jul.
