1923 3149
157 173 236 213 140
847 194 957 221 loannes
984 195 1129 222 lleufl'cl:

642 276 822 318 Subtrib.
856 282 892 318 2.
926 279 1151 320 Carduineae
1180 280 1340 321 Koch.

672 361 763 399 292.
792 362 1047 400 Girsiuun
1074 363 1103 398 Τ
1117 375 1135 398 o
1153 375 1177 398 u
1190 375 1208 399 r
1219 376 1241 398 n
1252 376 1271 399 e
1287 365 1312 399 f.

710 438 803 473 Sect.
834 441 863 474 1.
892 440 1112 486 Epitrach-ys
1139 440 1273 476 Cand.

291 521 370 556 973.
402 520 437 556 C.
459 520 698 555 lanceolarum
726 522 854 569 Scop.
880 523 1131 558 Reichenb.
1157 525 1237 559 Vol.
1260 527 1312 560 15.
1339 526 1400 571 fig.
1429 527 1494 560 826
1524 525 1550 559 I.
1578 544 1619 548 —
1646 524 1686 558 In
1714 523 1825 558 rude-

155 579 258 624 ratis,
285 580 428 626 pascuis
454 585 490 616 et
518 581 564 615 ad
587 581 675 617 vias.
702 583 786 617 Jun.
803 603 844 608 —
861 583 959 630 Sept.

289 642 369 676 974.
401 641 436 675 0.
465 641 690 685 eriophorum
726 642 867 689 Scop.
920 642 1183 678 Reichenb.
1208 644 1230 677 l.
1257 656 1285 678 c.
1313 644 1374 690 fig.
1396 645 1474 679 822.
1504 665 1544 669 -
1573 644 1631 678 Ad
1663 642 1763 686 vias,
1790 643 1825 677 in

152 700 308 747 pascuis7
336 700 450 747 sylvis
476 701 620 737 caeduis
651 707 716 738 etc.
748 704 820 737 Jul.
839 723 880 726 —
900 703 997 749 Sept.

289 762 369 796 975.
401 761 437 795 C.
456 763 606 807 furiens
625 761 806 796 Griseb.
833 765 870 796 et
897 762 920 796 S
936 762 1102 796 chenk.
1134 762 1240 798 Foliis
1264 763 1690 810 semiamplexicaulibus⁷
1710 775 1729 796 e
1747 761 1826 797 basi

152 820 355 856 auriculata
393 821 638 867 pinnatifidis‚
682 822 915 866 lanceolatis.,
961 833 1073 868 supra
1115 822 1266 869 sparsim
1304 823 1424 870 pilosis
1441 849 1452 867 a
1498 824 1623 858 subtus
1668 826 1825 857 tomento

152 881 404 924 arachnoideo,
438 883 584 918 demum
616 883 768 918 evanido
809 882 953 926 albidis,
981 883 1119 918 laciniis
1154 883 1333 930 bipartitis
1360 897 1394 919 v.
1425 883 1596 930 integris,
1624 882 1727 929 spina
1750 886 1826 918 ter-

153 941 316 987 1ninatis3
354 941 527 977 involucri
556 943 865 990 haemisphaerici
895 943 1024 979 foliolis
1056 943 1437 988 lineari-lanceolatis,
1465 942 1700 986 acuminatis,
1733 942 1828 977 infra

154 1001 293 1048 spinam
320 1001 545 1037 terminalem
573 1003 731 1039 flexilem
757 1005 865 1038 dense
893 1003 1039 1047 ciliatis7
1067 1003 1156 1039 ciliis
1184 1004 1366 1050 elongatis
1390 1002 1698 1050 spinescentibu53
1724 1002 1827 1049 capi-

157 1061 239 1096 tulis
270 1062 488 1106 bracteatis,
524 1064 691 1099 bracteas
720 1064 1051 1111 subaequantibus,
1083 1064 1119 1098 in
1146 1065 1248 1110 apice
1274 1075 1455 1098 ramorum
1485 1062 1651 1099 solitariis
1678 1076 1712 1099 v.
1740 1074 1826 1097 con-

154 1121 291 1169 gestis3
332 1134 453 1169 pappo
492 1123 569 1157 fere
607 1125 652 1158 ad
695 1124 833 1171 apicem
870 1127 1044 1171 plumoso.
1082 1145 1122 1148 —
1162 1125 1203 1159 In
1232 1125 1392 1159 Banatus
1427 1123 1563 1170 campis
1598 1124 1643 1157 ad
1683 1121 1823 1158 viarum

158 1181 342 1228 margines
358 1182 533 1217 Mehadia
563 1182 655 1218 inter
674 1187 710 1218 et
734 1184 862 1219 Cornia
876 1196 1014 1231 pagum
1035 1183 1253 1219 rarissimum
1285 1185 1325 1227 (J
1341 1184 1438 1219 ank
1453 1195 1475 1218 a
1499 1183 1607 1226 1856)
1625 1195 1635 1227 ς
1660 1182 1696 1216 in
1714 1181 1824 1217 ruinis

159 1242 289 1287 Ulpiae
321 1241 502 1286 Trajanae
529 1244 574 1277 ad
602 1242 766 1290 Vin-hely
795 1245 916 1279 Cottus
941 1245 1101 1291 Hunyad
1128 1244 1426 1291 Transylvaniae.
1461 1246 1559 1289 Aug.
1590 1244 1688 1289 Sept.

699 1330 791 1364 sect.
818 1332 849 1363 2.
881 1329 1115 1364 Chamaeleon
1145 1329 1237 1364 Can
1250 1330 1282 1363 d.

290 1400 369 1433 976.
402 1398 436 1431 C'.
461 1398 626 1442 polvs-tre
661 1400 791 1445 Scop.
832 1400 1040 1434 Roichen
1056 1401 1090 1435 b.
1131 1403 1152 1435 l.
1180 1414 1208 1434 c.
1246 1401 1307 1446 fig.
1329 1402 1408 1434 831.
1442 1420 1480 1424 —
1527 1400 1566 1433 In
1593 1398 1706 1445 prat-is
1735 1398 1827 1433 udis.

153 1459 224 1494 Jul.
263 1461 356 1504 Aug.

292 1519 371 1552 977.
402 1517 436 1550 C.
465 1530 597 1550 canumv
624 1518 671 1551 M.
693 1520 730 1552 B.
758 1517 845 1550 Rei
864 1519 1033 1554 chenb.
1058 1521 1080 1553 l.
1102 1533 1130 1554 c.
1169 1522 1229 1565 fig.
1259 1521 1338 1554 828.
1370 1539 1406 1542 -
1446 1520 1482 1552 In
1514 1518 1628 1564 pratis
1655 1517 1823 1552 humidis.

154 1580 225 1613 Jul.
256 1581 354 1623 Aug.

291 1638 371 1671 978.
404 1637 437 1670 C'.
463 1638 709 1681 pamzonicwn
743 1638 887 1671 Gaud.
925 1639 1177 1673 Reichenb.
1211 1639 1234 1672 l.
1258 1652 1286 1673 e.
1317 1640 1377 1684 fig.
1400 1640 1466 1673 829
1494 1639 1536 1671 II.
1566 1657 1607 1661 —
1645 1638 1685 1671 In
1713 1636 1827 1683 pratis

156 1702 191 1732 ct
219 1696 360 1744 pascuis
388 1694 574 1730 montanis.
602 1697 673 1730 Jul.
701 1699 799 1742 Aug.

290 1758 370 1792 979.
407 1757 442 1791 C.
468 1756 686 1790 Erisithales
713 1757 843 1803 Scop.
886 1755 1146 1791 Reichenb.
1181 1759 1201 1791 l.
1226 1770 1254 1791 c.
1294 1759 1355 1803 fig.
1385 1759 1464 1792 837.
1506 1777 1549 1781 —
1590 1758 1631 1792 111
1656 1756 1828 1804 lapidosis

159 1817 337 1852 montanis
360 1820 396 1850 et
422 1814 631 1861 subalpinis.
659 1817 731 1851 Jul.
758 1820 856 1864 Aug.

290 1879 372 1912 980.
405 1876 440 1910 O.
466 1876 664 1911 oleraceum
693 1876 820 1923 Scop.
848 1877 1019 1912 Reiche
1034 1878 1101 1912 nb.
1128 1879 1151 1912 l.
1175 1890 1203 1911 c.
1238 1878 1299 1923 fig.
1333 1879 1413 1912 834.
1443 1897 1483 1902 —-
1522 1879 1578 1912 Ad
1606 1877 1700 1913 rivos
1727 1881 1764 1912 et
1792 1877 1827 1912 in

155 1937 268 1983 pratis
296 1935 475 1972 montanis
500 1936 590 1971 udis.
622 1938 694 1974 Jul.
724 1940 822 1984 Aug.

291 1999 371 2033 981.
402 1998 436 2032 C.
464 1997 738 2043 heterophyllmn
768 1998 863 2031 All.
903 2017 943 2021 —
984 1997 1024 2031 In
1055 1997 1167 2043 pratis
1203 1996 1356 2032 humidis
1389 1997 1520 2043 alpinis
1548 2001 1586 2031 et
1616 1996 1827 2044 subalpinis.

158 2059 241 2093 Jun.
265 2058 336 2092 Jul.
369 2076 407 2081 -—
438 2056 640 2092 Rochel.

293 2120 372 2154 982.
404 2118 439 2152 O.
466 2118 650 2152 bulbosum
676 2117 812 2152 Cand.
839 2116 1048 2151 Reichen
1060 2118 1092 2151 b.
1120 2117 1143 2150 l.
1165 2129 1192 2150 c>=
1221 2119 1282 2162 fig.
1303 2118 1370 2151 839
1398 2116 1442 2151 ΙΙ.
1471 2133 1514 2140 -n
1542 2117 1581 2150 In
1607 2116 1721 2162 pratis
1748 2118 1827 2153 fer-

156 2177 278 2213 tilibus
303 2177 479 2223 planitiei.
506 2180 577 2214 Jul.
606 2180 704 2223 Aug.

763 2250 854 2284 Sect.
883 2251 914 2284 3.
941 2248 1065 2284 Breea
1090 2249 1221 2284 Less.

305 2326 383 2359 983.
416 2324 450 2358 G.
478 2333 625 2358 arcense
661 2323 790 2368 Scop.
832 2340 874 2345 ——
914 2322 957 2368 β)
983 2322 1063 2355 mite
1098 2320 1240 2356 Koch.
1277 2319 1525 2356 Reichenb.
1563 2320 1587 2356 l.
1613 2333 1642 2356 e.
1673 2322 1735 2367 fig.
1761 2321 1828 2356 842

157 2381 310 2417 sinistra.
343 2403 387 2408 -
416 2384 456 2436 7)
483 2389 633 2418 setosum
659 2382 708 2416 M.
726 2383 767 2416 Β.
793 2381 1006 2417 Reichen
1017 2382 1050 2416 b.
1076 2382 1099 2416 1.
1123 2394 1151 2415 c.
1183 2382 1245 2428 fig.
1264 2382 1330 2417 842
1363 2380 1493 2417 media.
1520 2401 1565 2407 —
1599 2375 1639 2424 δ)
1668 2382 1830 2416 vestitum

159 2443 312 2478 Koch.
340 2443 610 2478 Reichenb.
638 2443 660 2476 1.
688 2455 716 2477 c..
748 2443 810 2488 fig.
837 2443 905 2477 842
934 2442 1074 2477 dextra.
1109 2463 1149 2466 —
1181 2442 1222 2476 In
1249 2441 1348 2488 agris
1375 2445 1412 2475 et
1439 2440 1546 2477 arvis,
1578 2442 1661 2476 Jun.
1682 2441 1754 2476 Jul.

715 2544 806 2581 293.
836 2545 1108 2580 carduus
1135 2544 1165 2578 L
1180 2543 1226 2579 in
1236 2555 1270 2578 n.

301 2618 380 2652 984.
411 2617 446 2652 C.
474 2616 703 2652 acanthoides
729 2615 862 2651 Linn.
889 2614 1139 2650 Reichenb.
1167 2616 1246 2651 Vol.
1279 2618 1332 2652 15.
1358 2616 1421 2661 fig.
1445 2615 1523 2648 873.
1553 2634 1592 2638 ——
1621 2614 1661 2648 In
1687 2612 1828 2659 pascuis

161 2677 197 2708 et
226 2676 272 2710 ad
296 2674 385 2711 vias.
411 2677 484 2712 Jul.
503 2697 544 2702 -
562 2680 652 2712 Aut.

296 2737 375 2772 985.
407 2736 441 2772 C.
469 2738 612 2783 crispus
637 2737 766 2772 Linn.
807 2736 1010 2772 Reichen
1023 2738 1054 2771 b.
1084 2738 1105 2771 l.
1126 2751 1154 2771 c.
1182 2737 1242 2783 fig.
1263 2738 1331 2771 880
1358 2736 1382 2769 I.
1423 2754 1464 2759 *—
1503 2735 1543 2769 In
1571 2733 1751 2777 dumetis.
1778 2734 1824 2769 ad

162 2791 239 2829 vias
268 2797 305 2828 et
329 2794 433 2831 rivos.
460 2799 531 2833 Jul.
558 2801 656 2845 Aug.
