1923 3149
153 190 204 227 40
873 209 983 236 ‚loannes
1003 209 1146 236 {leursek

284 291 601 343 Descriptionem
629 291 849 332 uberiorem
887 294 1068 333 Banatus
1100 294 1286 345 opusculo
1316 294 1598 347 praemittere,
1642 297 1689 335 de
1717 309 1814 347 geo-

151 358 302 411 gnosia,
335 364 376 399 et
398 359 677 400 distributione
706 360 936 413 plantarum
967 362 1234 416 geographica
1258 363 1381 403 fusius
1413 363 1605 403 disserere
1623 362 1660 402 in
1683 363 1813 404 animo

150 428 254 479 fuit,
289 429 356 468 sed
392 429 551 469 morbus
581 429 738 480 gravis,
783 429 848 482 qui
884 429 1087 482 inopinate
1113 445 1174 471 me
1199 432 1351 472 invasit
1383 431 1485 472 vires
1516 433 1566 472 ad
1593 436 1815 472 extremum

148 497 413 537 labefactavit
431 527 442 547 7
473 497 657 551 vitaeque
686 511 847 538 scenam
877 499 1060 541 claudere
1087 500 1288 552 minatur,
1329 514 1390 541 me
1424 500 1631 554 proposita
1658 501 1814 542 effectui

147 565 244 605 dare
269 571 397 607 vetat.

281 635 498 686 Praestat,
531 641 575 675 ut
606 635 772 688 amieis,
816 636 881 690 qui
921 636 959 676 in
992 637 1218 690 colligendis
1259 638 1408 691 plantis
1441 644 1482 679 et
1523 639 1597 680 hoo
1623 638 1812 691 opusculo

146 716 206 742 me
235 703 425 755 juverunt
453 704 603 757 gratias
632 705 822 757 reddam,
865 708 934 747 sed
960 707 1058 747 eheu
1087 713 1393 760 praecesserunt
1420 721 1481 747 me
1513 721 1635 760 eoque
1663 707 1815 760 migra—

145 776 252 823 runt,
284 785 360 824 quo
390 773 504 813 divus
536 774 673 815 Tullus
701 780 741 815 et
767 775 905 815 Ancus
927 789 1097 829 moxque
1127 777 1404 828 Roohelio,
1431 776 1812 828 NVierzbickiQ

147 838 463 893 Gmssekio,
503 843 891 898 Welandioque
930 844 1028 885 meis
1068 846 1320 886 consociatus
1362 852 1571 887 aeternum
1612 845 1813 886 dormiunt

145 922 355 959 somnum3
417 925 436 951 e
481 912 583 953 vivis
631 912 894 953 amicissimus
932 914 1170 955 Francisous
1215 915 1444 968 Galliny
1486 915 1812 967 Pharmaeopeus

145 978 448 1032 LugossiensiS,
486 982 663 1023 Joannes
705 982 943 1036 Martiny
990 985 1047 1025 M.
1081 985 1152 1025 Dr.
1198 990 1239 1024 et
1275 984 1445 1036 dirigens
1494 997 1563 1035 per
1610 983 1812 1023 Banatum

144 1047 319 1088 medicus
361 1051 599 1103 castrensis,
646 1065 717 1092 neo
751 1065 828 1092 non
856 1054 960 1092 adm.
995 1065 1076 1093 reV.
1110 1055 1227 1094 Dom.
1260 1052 1497 1095 Vucheti
1517 1052 1574 1092 oh
1605 1051 1812 1092 Paroehus

145 1114 550 1172 Ruszkabz'myensis,
581 1121 647 1173 qui
676 1120 801 1161 amice
828 1135 889 1162 me
916 1135 1071 1174 semper
1106 1123 1366 1163 sublevarunt
1389 1126 1524 1174 grates
1553 1133 1663 1160 meas
1690 1121 1813 1160 bene-

147 1184 234 1225 volo
265 1187 486 1239 suscipiant
508 1189 653 1229 animo.

237 1266 410 1312 Lugosini
437 1269 493 1304 die
521 1271 574 1306 20.
603 1271 762 1317 Augusti
791 1272 892 1306 1857.

414 1492 586 1544 Classis
623 1493 659 1544 1.
713 1494 957 1561 Exegenae
994 1511 1076 1545 seu
1115 1493 1523 1561 Dieotyledoneae.

606 1622 868 1672 Subolassis
893 1622 927 1670 Ι.
960 1623 1335 1671 Thalamiflorae.

523 1738 630 1778 Ordo
668 1740 701 1779 1.
735 1739 1246 1781 Ranuneulaeeae
1277 1739 1417 1779 Juss.

635 1829 744 1870 Trib.
782 1832 814 1870 1.
854 1833 1130 1871 s'lemaeideae
1162 1830 1313 1871 Cand.

724 1935 756 1970 1.
785 1933 1063 1970 (vennatis
1088 1934 1142 1968 Li
1159 1946 1227 1969 nn.

683 2006 717 2047 ὃ.
750 2007 777 2040 1.
815 2006 1053 2048 Herbaceae7
1095 2010 1247 2040 erectae.

283 2078 310 2111 1.
343 2077 377 2111 C.
405 2078 621 2124 integjrffole'a
650 2076 787 2111 Linn.
813 2077 904 2111 Roh
918 2079 950 2111 b.
979 2078 1072 2112 Icon.
1100 2076 1189 2112 Flor.
1218 2078 1337 2113 Germ.
1367 2079 1443 2114 Vol.
1460 2079 1520 2113 111.
1540 2079 1601 2124 fig.
1629 2079 1731 2113 4663.
1765 2099 1806 2104 —

142 2136 181 2169 In
208 2136 321 2182 pratis
348 2136 504 2171 humidis
530 2136 692 2184 planitiei
719 2140 757 2171 et
783 2136 932 2171 collinae
957 2137 1127 2184 regionis.
1154 2139 1238 2173 Jun.
1265 2139 1338 2172 Jul.

276 2198 308 2231 ⁰2.
340 2196 374 2230 O.
402 2204 497 2231 recta
535 2197 668 2232 Linn.
709 2198 858 2232 Rehb.
898 2199 919 2232 1.
948 2210 976 2232 e.
1014 2199 1075 2245 fig.
1103 2199 1206 2233 4664.
1247 2219 1287 2222 —
1328 2199 1371 2251 β)
1398 2199 1568 2233 δαωαῑιῖἰίε
1593 2198 1751 2234 Wierz
1768 2200 1802 2233 b.

139 2255 269 2290 foliolis
294 2256 515 2292 laneeolatis.
532 2278 572 2282 ——
594 2259 633 2291 In
660 2257 772 2304 pratis
798 2258 975 2292 montanis
1009 2258 1109 2293 siccis
1135 2262 1172 2293 et
1197 2257 1334 2306 asperis
1360 2258 1596 2304 rupestribus.
1623 2259 1706 2295 Jun.
1732 2260 1805 2294 Jul.

673 2343 706 2384 ὃ.
736 2345 766 2377 ’2.
793 2342 1022 2387 Fruticosao,
1048 2344 1269 2378 scandentes.

275 2416 307 2448 3.
338 2414 372 2448 C.
412 2412 555 2447 Vitalz'sa
584 2414 721 2448 Linn.
747 2414 847 2449 Reli
863 2416 896 2449 b.
923 2416 945 2450 1.
974 2428 1003 2450 o.
1030 2416 1091 2461 fig.
1121 2416 1224 2451 4667.
1266 2435 1311 2442 -ν
1348 2417 1388 2450 In
1415 2415 1593 2450 fruticetis
1619 2418 1655 2450 et
1681 2416 1805 2463 sylvis.

139 2474 220 2507 Jun.
248 2474 319 2507 Jul.

276 2534 381 2568 Not.
414 2534 448 2568 C.
475 2535 648 2568 {mamma
683 2534 884 2569 Wierzl).
920 2536 1019 2570 Reh
1037 2537 1069 2570 b.
1098 2537 1120 2569 l.
1152 2549 1179 2571 c.
1207 2537 1269 2582 fig.
1300 2536 1404 2570 4667.
1440 2537 1483 2581 β)
1521 2536 1653 2571 foliolis
1690 2536 1804 2570 solum

138 2592 289 2638 integris
316 2593 459 2637 differt„
486 2605 603 2641 neque
629 2606 714 2630 vero
741 2598 956 2630 oonstanter.

704 2693 740 2726 2.
771 2692 1066 2736 Atraenaene
1091 2692 1141 2727 Li
1155 2704 1178 2727 n
1191 2705 1224 2728 n.

281 2760 306 2794 4.
334 2758 377 2793 A.
405 2762 539 2805 alpina
564 2762 696 2798 Linn.
724 2764 864 2799 Rohb.
893 2765 914 2799 l.
943 2777 969 2799 c.
997 2765 1058 2810 fig.
1092 2765 1192 2800 1462.
1223 2785 1263 2790 —
1292 2766 1330 2800 In
1356 2763 1528 2810 lapidosis
1554 2762 1804 2809 rupestribus-

142 2830 211 2864 que
239 2818 383 2864 alpium.
410 2821 481 2863 Jul.
509 2825 607 2868 Aug.
