1923 3149
589 207 754 234 lenunwratio
769 207 911 242 plantarum
925 206 1036 234 nannius
1051 208 1237 235 Telncsicnsis.
1689 193 1740 234 57

653 294 717 329 43.
744 292 1018 337 Amnum
1043 291 1167 327 Linn.

599 368 692 404 Sect.
723 370 753 404 1.
781 366 945 404 Aurinia
973 367 1009 404 C.
1037 371 1082 404 A.
1111 369 1222 416 Mey.

205 446 288 480 ¹155.
317 444 362 480 A.
390 445 594 479 edentulum
620 446 677 480 W.
705 444 804 480 Kit.
827 444 946 480 Plant.
970 456 1041 480 rar.
1067 446 1191 492 Hung.
1215 446 1242 481 Ι.
1271 445 1359 480 icon.
1383 448 1490 482 mala.
1520 448 1632 483 Caule
1655 451 1741 485 her-

66 508 178 541 baceo
205 517 345 541 ramoso
372 509 437 540 aut
461 504 619 540 solitario
642 505 763 540 stricto
780 530 791 549 ,
827 508 891 540 aut
916 505 1079 550 pluribus
1105 518 1153 539 ex
1181 507 1306 541 eadem
1344 506 1488 551 radice,
1528 510 1740 546 lateralibus

67 565 219 610 erectis,
246 565 397 601 racemis
420 564 636 612 paniculatis
653 591 664 608 ,
691 564 886 600 fructiferis
912 564 1115 610 elongatis,
1141 566 1277 600 lamina
1301 568 1504 611 petalorum
1531 569 1740 615 semibifida,

68 627 147 662 sinu
163 630 268 661 acuto
285 639 295 671 ς
322 625 468 661 siliculis
484 625 623 672 glabris
642 625 1066 668 obovato-subrotundis,
1086 625 1202 660 medio
1218 625 1364 669 inflatis,
1380 628 1547 673 margine
1564 632 1741 677 depressis

66 686 191 722 loculis
225 686 444 731 biovulatuis3
483 685 577 720 foliis
617 685 834 720 radit-alibus
862 685 1228 732 obovato-oblongis
1256 685 1291 720 in
1320 686 1494 732 petiolum
1530 694 1740 738 attenuatis,

65 745 410 788 sinuato-dentatis,
449 745 719 792 sublyratisve,
757 746 908 780 caulinis
943 746 1195 780 subsessilibus
1223 748 1435 783 lanceolatis
1465 751 1624 785 obsolete
1649 754 1739 788 den-

63 807 159 841 tatis.
184 807 323 842 Rchb.
350 808 373 841 l.
389 819 417 841 e.
444 807 507 852 fig.
532 807 635 841 4281.
664 806 753 841 icon.
775 807 870 840 bona
890 807 1053 851 plantam
1075 806 1189 851 primo
1215 818 1308 841 anno
1330 808 1516 844 florentem
1539 811 1678 849 sistens.
1696 834 1736 838 —

62 867 103 901 In
131 867 356 912 rupestribus
382 869 418 900 et
453 866 624 911 lapidosis
650 866 824 901 montium
860 868 1105 901 ealcareorum
1140 879 1170 901 e.
1204 880 1233 903 c.
1264 869 1310 902 ad
1345 868 1513 913 Krasso,
1550 872 1737 918 Oravicza,

64 924 238 970 Szaszka,
264 927 300 961 in
320 929 395 961 toto
422 925 582 960 Danubii
604 929 736 969 tractu,
764 927 811 961 ad
838 926 1012 962 Thermas
1038 927 1216 962 Herculis.
1242 930 1271 961 A
1277 939 1331 973 pr.
1361 928 1448 964 Mai.

199 987 305 1021 Not.
334 987 473 1021 Nomen
500 987 692 1030 recentius,
718 986 980 1033 antiquioribus
1008 986 1052 1022 A.
1076 988 1219 1032 petraei
1241 989 1347 1022 Ard.
1375 992 1413 1022 et
1444 989 1488 1024 A.
1516 995 1737 1037 [samonensis

64 1046 93 1080 L
111 1047 200 1081 iun.
224 1050 348 1092 utpote
372 1058 437 1081 nec
466 1047 627 1093 adusque
657 1048 753 1082 omni
781 1047 889 1081 dubio
915 1047 1040 1081 solutis
1064 1048 1230 1093 praetuli.

200 1108 280 1142 156,
313 1105 358 1141 A.
378 1108 531 1141 saoeatiIe
544 1107 573 1140 L
589 1107 628 1141 in
640 1119 675 1141 n.
700 1107 758 1141 Re
774 1107 843 1141 hb.
859 1108 881 1141 l.
896 1120 925 1142 c.
944 1108 1007 1153 fig.
1035 1108 1137 1142 4280.
1155 1128 1195 1131 —
1212 1108 1252 1142 In
1276 1109 1425 1155 rupibus
1451 1111 1496 1144 ad
1513 1111 1736 1155 Mehadiam,

63 1166 97 1200 in
120 1166 279 1201 Danubii
305 1171 423 1201 tractu
451 1171 487 1201 et
510 1169 557 1202 ad
582 1165 765 1214 Szuszeny
793 1168 827 1201 in
855 1167 960 1202 Cottu
987 1169 1148 1214 Hunyad
1176 1168 1476 1216 Transylvaniae.
1503 1173 1591 1216 Apr.
1621 1171 1708 1206 Mai.

534 1256 627 1290 Secti.
657 1258 687 1291 ¹2.
723 1256 998 1290 (⁴)‹I0nc(z⁴2·rltiwa
1025 1256 1062 1290 C.
1088 1259 1134 1291 A.
1164 1257 1276 1303 Mey.

200 1331 278 1365 157.
320 1330 365 1364 Α.
403 1337 597 1365 tortvoswn
635 1333 690 1366 W.
729 1333 822 1366 Kit.
862 1332 982 1367 Plant.
1014 1345 1084 1368 rar.
1118 1334 1242 1379 Hung.
1276 1334 1302 1369 I.
1340 1334 1513 1370 Caulibus
1550 1335 1737 1371 herbacois

59 1391 387 1434 adscendentibus,
429 1392 507 1426 basi
541 1393 910 1436 tortuoso-diffusis,
948 1393 1117 1440 foliisque
1156 1396 1279 1429 subtus
1317 1396 1413 1439 pube
1447 1397 1593 1430 stellata
1626 1397 1737 1430 densa

58 1453 233 1498 adpressa
269 1451 479 1497 argenteis,
517 1453 776 1488 lanceolato-v.
808 1454 1309 1501 obovato-cuneiformibus3
1343 1457 1495 1491 racemis
1530 1457 1734 1501 compositis

57 1512 278 1547 abbreviatis
301 1511 589 1558 subfastigiatis3
614 1513 722 1547 filam.
754 1513 976 1559 longioribus
1003 1515 1125 1557 alatiS,
1152 1517 1214 1551 ala
1238 1518 1366 1551 obtuse
1397 1518 1560 1559 dentata,
1587 1516 1735 1552 brevio-

58 1573 157 1608 ribus
197 1573 650 1619 alato-appendiculatis3
677 1573 823 1608 siliculis
851 1574 1039 1617 obovatis,
1066 1576 1163 1619 pube
1191 1578 1366 1622 adpressa
1392 1577 1605 1612 densissima
1625 1588 1735 1612 cane-

60 1633 254 1678 scentibus,
269 1634 363 1680 stylo
380 1634 460 1677 plus
484 1634 593 1678 duplo
610 1634 834 1680 longioribus
851 1646 861 1679 ς
887 1634 1080 1669 seminibus
1103 1637 1270 1672 exalatis.
1286 1636 1318 1671 R
1331 1651 1348 1672 c
1360 1638 1383 1671 h
1396 1639 1428 1671 b.
1458 1639 1481 1672 1.
1502 1651 1531 1673 c.
1548 1638 1609 1684 fig.
1629 1638 1731 1672 4276.

57 1695 99 1747 β)
126 1694 347 1740 elongatwm:
376 1693 487 1728 Caule
512 1693 590 1728 basi
617 1705 730 1729 arena
756 1694 879 1729 mobili
904 1696 1058 1741 sepulto,
1084 1696 1148 1731 vix
1179 1701 1353 1741 tortuoso,
1380 1702 1512 1741 erecto,
1540 1698 1734 1744 elongato,

54 1753 150 1787 foliis
179 1753 344 1799 angustis
369 1754 570 1800 elongatis,
596 1755 745 1789 fioribus
779 1754 1000 1801 siliculisque
1026 1756 1188 1792 minutis.
1227 1756 1272 1792 Α.
1296 1759 1531 1792 savrcmicmn
1559 1758 1731 1792 Heuff.

53 1813 171 1850 Plant.
193 1815 283 1848 Ban.
312 1815 448 1860 absque
473 1814 581 1849 dubio
606 1818 643 1849 et
669 1816 769 1849 And
785 1827 844 1849 rz.
874 1836 918 1840 —
944 1818 986 1851 In
1019 1818 1169 1854 collibus
1196 1818 1357 1853 herbidis
1373 1817 1534 1853 arenosis
1559 1821 1595 1852 et
1619 1818 1732 1852 a'rena

55 1872 177 1908 mobili
204 1873 392 1919 legionum
414 1874 583 1920 Illyrico-
610 1879 647 1909 et
671 1875 1154 1914 Teutonico-banaticarum.
1182 1879 1271 1914 Mai.
1302 1898 1344 1902 —-
1368 1879 1442 1915 Jul.

190 1934 296 1968 Not.
323 1932 368 1969 A.
396 1935 552 1979 alpestre
584 1935 724 1970 Linn.
751 1936 888 1982 alpium
925 1937 1106 1973 helvetiae
1135 1939 1252 1973 incola
1278 1941 1314 1973 et
1347 1937 1476 1973 habitu
1511 1942 1547 1973 et
1576 1939 1730 1974 charae-

55 1993 194 2030 teribus
217 1995 328 2040 longe
354 1995 500 2029 recedit.

195 2056 274 2090 158.
312 2053 358 2089 A.
393 2062 601 2101 argenteum
629 2057 783 2091 Witm.
823 2056 971 2092 Rchb.
1013 2059 1036 2092 1.
1079 2071 1107 2093 e.
1145 2060 1208 2105 fig.
1247 2060 1352 2094 4277.
1391 2059 1479 2106 Syn.
1516 2057 1562 2094 A.
1589 2059 1732 2093 murale

53 2115 109 2149 W.
135 2114 234 2151 Kit.
262 2115 381 2151 Plant.
419 2127 489 2152 rar.
525 2118 650 2164 Hung.
674 2118 700 2152 I.
738 2137 775 2141 —
804 2112 847 2161 ῥ’)
880 2118 1176 2165 microphyllmn:
1215 2118 1309 2154 foliis
1346 2119 1557 2154 lanceolatis
1591 2120 1731 2154 caulem

53 2176 162 2210 dense
187 2175 455 2220 obsidentibus,
497 2189 607 2223 supra
636 2178 992 2213 stellulato-subtus
1020 2178 1315 2225 lepidoto-canis.
1347 2199 1388 2203 —
1418 2181 1458 2215 In
1484 2179 1655 2225 lapidosis
1695 2182 1731 2214 et

51 2236 276 2282 rupestribus
301 2238 474 2272 montium
503 2240 550 2273 ad
571 2239 805 2281 Danubium,
843 2238 1017 2274 similibus
1045 2239 1080 2273 in
1107 2239 1192 2274 locis
1221 2241 1268 2274 ad
1298 2240 1427 2275 Ohaba
1454 2244 1490 2274 et
1522 2240 1640 2275 Ponor
1665 2252 1729 2275 nec

51 2308 121 2331 non
147 2299 213 2332 sub
236 2301 379 2333 vetusto
407 2310 489 2333 arce
513 2297 618 2335 Deva
645 2298 682 2333 in
705 2299 810 2334 Cotta
836 2299 997 2345 Hunyad
1025 2299 1325 2346 Transylvaniae.
1354 2301 1436 2336 Jun.
1463 2300 1536 2334 Jul.

580 2388 674 2423 Sect.
703 2389 734 2422 3.
763 2386 934 2434 Alyssmn
962 2388 1000 2423 C.
1027 2391 1071 2423 A.
1099 2389 1165 2423 Me
1173 2403 1210 2436 y.

190 2464 267 2497 159.
305 2462 350 2496 Α.
367 2470 577 2497 montanum
603 2465 634 2498 L
648 2464 657 2498 i
673 2476 695 2498 n
707 2476 740 2498 n.
768 2464 941 2499 Caulibus
955 2465 1144 2500 herbaceis
1157 2467 1347 2513 prostratis
1362 2479 1395 2502 v.
1411 2464 1727 2508 adscendentibus,

51 2522 203 2570 denique
236 2523 313 2557 basi
343 2523 599 2570 suffruticosis3
626 2526 777 2559 racemis
803 2524 1054 2561 terminalibus
1079 2527 1272 2570 solitariis,
1300 2527 1499 2561 fructiferis
1524 2526 1727 2571 elongatis3

50 2583 179 2628 petalis
195 2582 331 2618 obtusis
345 2584 545 2630 retusisve3
570 2586 761 2620 filamentis
780 2585 1003 2632 longioribus
1027 2587 1148 2629 alatis,
1179 2589 1239 2622 ala
1258 2591 1363 2622 acute
1387 2589 1551 2630 dentata,
1580 2586 1726 2621 brevio-

50 2644 148 2678 ribus
186 2644 266 2678 basi
300 2644 759 2690 alato-appendiculatis3
806 2646 952 2681 siliculis
986 2646 1150 2682 ovalibus
1178 2660 1212 2683 v.
1250 2647 1479 2682 subrotundis
1511 2647 1725 2692 plerumque

51 2703 154 2749 apice
179 2702 309 2739 leviter
337 2704 596 2751 emarginatis,
634 2707 731 2751 pube
758 2707 904 2741 stellata
930 2707 1069 2742 minuta
1098 2707 1234 2743 incanis
1250 2733 1260 2750 ,
1287 2708 1423 2754 stylum
1459 2706 1726 2753 aequantibus3

51 2763 146 2798 foliis
182 2764 286 2798 infer.
327 2764 520 2811 oblongo·
536 2766 700 2801 obovatis
717 2792 727 2809 ,
754 2777 872 2812 super.
898 2766 1133 2811 lanceolatis,
1171 2767 1645 2814 stellato-pubescentibus.
1681 2786 1722 2790 —

49 2820 92 2865 β)
118 2835 325 2859 ramosum:
365 2824 468 2859 Pube
505 2827 650 2861 stellata
686 2827 872 2872 incanum,
908 2827 1003 2862 foliis
1039 2829 1203 2865 obovatis
1242 2829 1520 2873 lanceolatisve3
1559 2827 1724 2862 caulibus

86 2888 128 2917 Βῆ·
144 2886 206 2917 Vm.
227 2887 347 2915 Abhandl.
1425 2887 1450 2925 8
