1923 3149
82 730 423 808 Enumeratio
463 755 772 807 Plantarum
818 751 870 804 in
912 752 1123 804 Banatu
1176 746 1500 801 Temesiensi
1560 752 1750 818 sponte

375 843 725 898 crescentium
766 847 817 897 ot
846 839 1174 912 frequentius
1205 840 1468 893 cultarum

871 979 975 1002 auctore

620 1047 719 1077 Med.
741 1047 851 1076 noct.
872 1045 1026 1075 Jonnne
1053 1044 1227 1078 uentrel,

264 1112 373 1147 Pliysico
391 1112 477 1146 inclyti
496 1111 624 1147 quondam
644 1111 786 1140 Comitatus
804 1110 903 1138 Krassd
921 1114 944 1138 et
963 1109 1076 1144 plurium
1094 1109 1245 1136 societatum
1265 1107 1423 1136 eruditarum
1442 1107 1565 1136 membro.

567 1198 708 1234 Vorgclegt
725 1199 749 1225 iu
769 1198 815 1226 der
834 1199 941 1232 Sitzung
961 1205 999 1223 um
1019 1196 1042 1225 3.
1064 1196 1180 1226 Februar
1198 1195 1272 1227 1858.

753 1424 1101 1476 Praefatio.

90 1533 156 1595 A
187 1554 352 1607 triginta
394 1553 507 1594 annis
547 1555 750 1593 Banatum
780 1568 804 1593 a
832 1552 998 1606 planitie
1024 1552 1062 1591 in
1102 1552 1299 1592 altissima
1330 1566 1452 1604 usque
1483 1551 1632 1603 alpium
1675 1550 1766 1590 cul-

89 1622 198 1664 mina
230 1623 388 1664 iteratis
410 1623 574 1674 vicibus,
608 1628 648 1663 et
679 1621 837 1662 diverso
867 1622 958 1662 anni
976 1627 1155 1674 tempore
1184 1621 1398 1675 peragravi
1416 1621 1577 1673 plantas
1603 1619 1765 1672 singulis

92 1693 318 1745 regionibus
354 1692 538 1745 proprias
578 1691 747 1732 solerter
783 1691 948 1744 collegi,
997 1691 1100 1730 inter
1141 1705 1211 1741 se,
1257 1696 1298 1731 et
1340 1704 1428 1730 cum
1469 1690 1516 1730 iis
1562 1689 1765 1741 regionum

90 1762 259 1802 aliarum
279 1761 524 1815 comparavi,
557 1775 604 1800 ac
634 1765 777 1801 notata
802 1760 971 1800 fideliter
995 1760 1211 1812 conscripsi
1230 1773 1240 1809 3
1271 1759 1361 1800 inde
1388 1765 1487 1800 nata
1513 1765 1574 1800 est
1598 1772 1766 1812 sequens

90 1831 348 1873 Enumeratio
381 1832 619 1871 Plantarum
646 1831 851 1880 BanatnS,
884 1843 1003 1882 quam
1036 1829 1125 1868 Tibi
1148 1830 1195 1870 L.
1224 1829 1271 1869 B.
1304 1830 1411 1869 hisce
1441 1831 1574 1869 offero.
1619 1830 1663 1869 In
1690 1829 1766 1868 hac

92 1900 388 1941 enumeratione
421 1913 490 1939 eas
518 1903 678 1939 tantum
700 1898 870 1950 stirpes,
912 1911 1011 1950 quas
1051 1898 1135 1950 ipse
1166 1897 1262 1950 legi,
1294 1898 1357 1937 vel
1382 1899 1432 1938 ab
1462 1898 1550 1938 aliis
1589 1898 1768 1950 depictas

94 1974 165 2010 aut
194 1969 320 2009 lectas
345 1969 452 2018 vidi,
504 1981 656 2020 paucas
688 1973 846 2007 tantum
874 1966 1026 2019 species
1058 1967 1202 2006 Roch
1219 1966 1316 2006 elii
1348 1972 1388 2006 et
1417 1966 1767 2006 Wierzbickii

93 2053 143 2079 ex
173 2039 420 2079 auctoritate
439 2038 609 2090 suscepi,
644 2043 684 2078 et
700 2037 910 2077 nonnullas
935 2050 984 2076 ex
1011 2041 1144 2076 mente
1180 2036 1252 2076 cel.
1271 2036 1442 2077 Schen
1457 2037 1481 2075 k
1514 2041 1554 2076 et
1584 2035 1769 2076 Grise-

90 2109 255 2159 bach,
288 2107 353 2160 qni
380 2112 421 2147 et
458 2107 664 2147 Banatum
694 2112 734 2147 et
770 2106 930 2159 plantas
962 2105 1326 2146 Wierzbiokii
1346 2137 1356 2157 ,
1402 2110 1442 2145 et
1478 2119 1568 2145 mea
1597 2119 1617 2145 e
1650 2119 1769 2145 manu

92 2182 281 2229 acceptas
314 2181 629 2229 compararunt,
672 2176 872 2229 disposui,
916 2176 1049 2228 plures
1085 2181 1221 2215 autem
1254 2175 1540 2215 Botanicorum
1578 2174 1768 2227 proximis

92 2246 152 2286 his
180 2245 293 2286 annis
321 2245 527 2286 Banatum
553 2245 853 2298 peragrantium
888 2245 978 2298 „qui
998 2258 1069 2297 per
1088 2258 1244 2284 summa
1260 2244 1446 2285 volarant
1469 2245 1664 2296 gramina,
1697 2258 1770 2284 nec

93 2322 253 2355 teneras
281 2328 396 2355 cursu
424 2315 617 2355 larissant
638 2314 810 2356 aristas⁴‘
839 2320 885 2355 ut
913 2328 1039 2354 novas
1070 2314 1297 2366 divulgatas
1321 2314 1466 2367 stirpes
1498 2328 1576 2355 non
1598 2313 1767 2366 suscepi,

92 2384 156 2424 vel
194 2385 297 2424 enim
320 2385 442 2424 errori
475 2398 589 2425 suam
616 2386 762 2424 debent
797 2384 1012 2436 originem,
1059 2383 1121 2423 vel
1147 2384 1385 2436 superficiali
1420 2383 1535 2424 nimis
1576 2384 1770 2423 observa-

94 2454 218 2504 tioni,
251 2458 291 2493 et
311 2453 480 2505 pruritui
513 2454 552 2493 in
584 2454 701 2494 terris
733 2453 845 2493 novis
873 2466 998 2493 novas
1022 2453 1229 2505 detegendi
1257 2453 1415 2506 stirpes.

231 2523 277 2561 In
309 2521 567 2574 dispositione
609 2536 798 2576 generum
834 2526 874 2562 et
903 2523 1121 2574 specierum
1164 2523 1234 2562 cel.
1268 2523 1416 2563 Koch
1447 2521 1649 2575 synopsim
1681 2534 1800 2578 suni„

95 2597 281 2642 secutus,
330 2591 440 2631 cuius
483 2592 597 2645 quasi
635 2591 974 2632 continuationem
1013 2592 1206 2631 orientem
1252 2605 1391 2631 versus
1437 2577 1815 2651 p1·ae,segrssssiis{it³²

97 2661 351 2713 opusculum3
384 2661 536 2713 species
566 2661 846 2701 convenientes
875 2661 1031 2701 nomine
1066 2666 1224 2700 tantum
1260 2660 1423 2711 notavi,
1456 2648 1768 2724 ussissd‘e'speciei

99 2729 234 2770 valore
259 2729 452 2780 dissensi,
486 2730 663 2782 diagnosi
694 2730 860 2780 notavi,
893 2730 950 2770 sic
975 2736 1014 2770 et
1038 2731 1198 2782 plantas
1225 2705 1764 2796 Banatuigsssroprtarsji'11ffsssius

99 2798 290 2851 exposui,
323 2798 456 2839 icones
486 2805 644 2839 tantum
674 2812 698 2838 a
726 2812 787 2839 ine
814 2799 921 2838 visas
949 2798 1082 2838 citavi.
1301 2788 1387 2875 ez&
1427 2816 1502 2887 (μς
1515 2797 1555 2845 ξ’*

1311 2854 1346 2887 -J

711 2912 1028 2947 DUPLICATA
1054 2909 1126 2943 m]
1152 2907 1226 2941 LA
1251 2854 1681 2962 {smnstbirfflona

543 2977 623 3016 DU
649 2973 1116 3016 CONSERVATOOEE
1142 2969 1471 3010 BOTANIQUE
1494 2969 1568 3033 3³³³?
1583 2967 1819 3022 QENEVE

965 3034 1161 3090 ymo
1192 3033 1274 3072 :m
1303 3033 1489 3117 ¹⁹3⁸&

1412 3114 1428 3129 ’ὁ
